<?xml version="1.0" encoding="UTF-8"?>
<record>
  <leader>01359nas a2200373#c 4500</leader>
  <controlfield tag="003">DE-605</controlfield>
  <controlfield tag="005">20230828180703.0</controlfield>
  <controlfield tag="007">cr||||||||||||</controlfield>
  <controlfield tag="008">230322c20239999si z||p|o ||| 0||||1eng c</controlfield>
  <controlfield tag="001">99371981001306441</controlfield>
  <datafield tag="016" ind1="7" ind2=" ">
    <subfield code="a">3154709-6</subfield>
    <subfield code="2">DE-600</subfield>
  </datafield>
  <datafield tag="016" ind1="7" ind2=" ">
    <subfield code="a">1284122735</subfield>
    <subfield code="2">DE-101</subfield>
  </datafield>
  <datafield tag="022" ind1=" " ind2=" ">
    <subfield code="a">2731-8087</subfield>
  </datafield>
  <datafield tag="035" ind1=" " ind2=" ">
    <subfield code="a">(DE-599)ZDB3154709-6</subfield>
  </datafield>
  <datafield tag="035" ind1=" " ind2=" ">
    <subfield code="a">(DE-600)3154709-6</subfield>
  </datafield>
  <datafield tag="035" ind1=" " ind2=" ">
    <subfield code="a">(DE-101)1284122735</subfield>
  </datafield>
  <datafield tag="040" ind1=" " ind2=" ">
    <subfield code="a">0025</subfield>
    <subfield code="b">ger</subfield>
    <subfield code="c">DE-101</subfield>
    <subfield code="d">9999</subfield>
    <subfield code="e">rda</subfield>
  </datafield>
  <datafield tag="041" ind1=" " ind2=" ">
    <subfield code="a">eng</subfield>
  </datafield>
  <datafield tag="044" ind1=" " ind2=" ">
    <subfield code="c">XB-SG</subfield>
  </datafield>
  <datafield tag="084" ind1=" " ind2=" ">
    <subfield code="a">333.7</subfield>
    <subfield code="a">621.3</subfield>
    <subfield code="q">DE-600</subfield>
    <subfield code="2">sdnb</subfield>
  </datafield>
  <datafield tag="245" ind1="0" ind2="0">
    <subfield code="a">Smart grids and sustainable energy</subfield>
  </datafield>
  <datafield tag="247" ind1="0" ind2="0">
    <subfield code="a">Technology and economics of smart grids and sustainable energy</subfield>
    <subfield code="f">Abweichender Titel in Volume 8, issue 1 (March 2023) teils</subfield>
  </datafield>
  <datafield tag="264" ind1="3" ind2="1">
    <subfield code="a">[Singapore]</subfield>
    <subfield code="b">Springer Nature Singapore</subfield>
    <subfield code="c">[2023]-</subfield>
  </datafield>
  <datafield tag="300" ind1=" " ind2=" ">
    <subfield code="a">Online-Ressource</subfield>
  </datafield>
  <datafield tag="336" ind1=" " ind2=" ">
    <subfield code="b">txt</subfield>
  </datafield>
  <datafield tag="337" ind1=" " ind2=" ">
    <subfield code="b">c</subfield>
  </datafield>
  <datafield tag="338" ind1=" " ind2=" ">
    <subfield code="b">cr</subfield>
  </datafield>
  <datafield tag="362" ind1="0" ind2=" ">
    <subfield code="a">Volume 8, issue 1 (March 2023)-</subfield>
  </datafield>
  <datafield tag="363" ind1="0" ind2="1">
    <subfield code="8">1.1\x</subfield>
    <subfield code="a">8</subfield>
    <subfield code="b">1</subfield>
    <subfield code="j">3</subfield>
    <subfield code="i">2023</subfield>
  </datafield>
  <datafield tag="856" ind1="4" ind2=" ">
    <subfield code="u">http://link.springer.com/journal/40866</subfield>
    <subfield code="x">Verlag</subfield>
  </datafield>
  <datafield tag="856" ind1="4" ind2=" ">
    <subfield code="u">http://www.bibliothek.uni-regensburg.de/ezeit/?3154709</subfield>
    <subfield code="x">EZB</subfield>
  </datafield>
  <datafield tag="780" ind1="0" ind2="0">
    <subfield code="i">Fortsetzung von</subfield>
    <subfield code="t">Technology and economics of smart grids and sustainable energy</subfield>
    <subfield code="d">Heidelberg : Springer, [2016-2022]</subfield>
    <subfield code="h">Online-Ressource</subfield>
    <subfield code="x">2199-4706</subfield>
    <subfield code="w">(DE-600)2830544-9</subfield>
  </datafield>
  <datafield tag="655" ind1=" " ind2="7">
    <subfield code="a">Zeitschrift</subfield>
    <subfield code="0">(DE-588)4067488-5</subfield>
    <subfield code="2">gnd-content</subfield>
  </datafield>
  <datafield tag="500" ind1=" " ind2=" ">
    <subfield code="a">Gesehen am 23.03.23</subfield>
  </datafield>
  <datafield tag="MBD" ind1=" " ind2=" ">
    <subfield code="M">49HBZ_NETWORK</subfield>
    <subfield code="i">99371981001306441</subfield>
    <subfield code="n">HBZ Network</subfield>
  </datafield>
  <datafield tag="MNG" ind1=" " ind2=" ">
    <subfield code="c">System</subfield>
    <subfield code="f">ZDB</subfield>
    <subfield code="i">marc21</subfield>
    <subfield code="h">20230828180703.0</subfield>
    <subfield code="k">01</subfield>
    <subfield code="e">false</subfield>
    <subfield code="d">2023-08-29 04:05:35 Europe/Berlin</subfield>
    <subfield code="g">HT021793595</subfield>
    <subfield code="j">90</subfield>
    <subfield code="a">System</subfield>
    <subfield code="b">2023-03-22 17:31:10 Europe/Berlin</subfield>
  </datafield>
</record>
